<?xml version="1.0" encoding="utf-8" standalone="no"?>
<!DOCTYPE Archive SYSTEM "http://greenstone.org/dtd/Archive/1.0/Archive.dtd">
<Archive>
<Section>
  <Description>
    <Metadata name="gsdlsourcefilename">import\advbeat_small\marc\locbeatles50.marc</Metadata>
    <Metadata name="gsdldoctype">indexed_doc</Metadata>
    <Metadata name="Language">en</Metadata>
    <Metadata name="Encoding">iso_8859_1</Metadata>
    <Metadata name="Source">locbeatles50.marc</Metadata>
    <Metadata name="SourceFile">locbeatles50.marc</Metadata>
    <Metadata name="SourceSegment">18</Metadata>
    <Metadata name="Plugin">MARCPlugin</Metadata>
    <Metadata name="dc.Format">MARC</Metadata>
    <Metadata name="FileFormat">MARC</Metadata>
    <Metadata name="dc.Title">The Beatles &amp;#091;sound recording&amp;#093;.</Metadata>
    <Metadata name="dc.Publisher">Hollywood, Calif. :</Metadata>
    <Metadata name="dc.Publisher">Capitol,</Metadata>
    <Metadata name="dc.Date">&amp;#091;197-?&amp;#093;</Metadata>
    <Metadata name="dc.Description">Songs chiefly by John Lennon and Paul McCartney.</Metadata>
    <Metadata name="dc.Description">Back in the U.S.S.R. -- Dear Prudence -- Glass onion -- Ob-la-di, ob-la-da -- Wild honey pie -- The continuing story of Bungalow Bill -- While my guitar gently weeps -- Happiness is a warm gun -- Martha my dear -- I'm so tired -- Blackbird -- Piggies -- Rocky Racoon -- Don't pass me by -- Why don't we do it in the road -- I will -- Julia -- Birthday -- Yer blues -- Mother nature's son -- Everybody's got something to hide except me and my monkey -- Sexy Sadie -- Helter skelter -- Long, long, long -- Revolution 1 -- Honey pie -- Savoy truffle -- Cry baby cry -- Revolution 9 -- Good night.</Metadata>
    <Metadata name="dc.Description">Performed by the Beatles.</Metadata>
    <Metadata name="dc.Subject">Rock music 1961-1970.</Metadata>
    <Metadata name="dc.Creator">McCartney, Paul.</Metadata>
    <Metadata name="dc.Creator">Lennon, John, 1940-1980.</Metadata>
    <Metadata name="dc.Creator">Beatles.</Metadata>
    <Metadata name="Identifier">HASH7c575f57a57cfb45ab0033s18</Metadata>
    <Metadata name="lastmodified">1652351099</Metadata>
    <Metadata name="lastmodifieddate">20220512</Metadata>
    <Metadata name="oailastmodified">1652361746</Metadata>
    <Metadata name="oailastmodifieddate">20220512</Metadata>
    <Metadata name="assocfilepath">HASH7c57/5f57a57c/fb45ab00/33s18.dir</Metadata>
  </Description>
  <Content>&lt;pre&gt;
 LDR 01555cjm  2200325 a 4500
001     5660844
005     19971008093926.7
007     sdubsmennmplu
008     921008q19701979caurcn              eng d
035    _9 (DLC)   92772508
906    _a 7
       _b cbc
       _c copycat
       _d 4
       _e ncip
       _f 19
       _g y-genmusic
010    _a    92772508 
028 02 _a SEBX-11841
       _b Capitol
035    _a (OCoLC)6464550
040    _a TM
       _c DLC
       _d DLC
042    _a lccopycat
050 00 _a Capitol SEBX-11841
245 04 _a The Beatles
       _h [sound recording].
260    _a Hollywood, Calif. :
       _b Capitol,
       _c [197-?]
300    _a 2 sound discs :
       _b analog, 33 1/3 rpm, stereo. ;
       _c 12 in.
500    _a Songs chiefly by John Lennon and Paul McCartney.
511 0  _a Performed by the Beatles.
505 0  _a Back in the U.S.S.R. -- Dear Prudence -- Glass onion --
 Ob-la-di, ob-la-da -- Wild honey pie -- The continuing story of
 Bungalow Bill -- While my guitar gently weeps -- Happiness is a
 warm gun -- Martha my dear -- I'm so tired -- Blackbird --
 Piggies -- Rocky Racoon -- Don't pass me by -- Why don't we do
 it in the road -- I will -- Julia -- Birthday -- Yer blues --
 Mother nature's son -- Everybody's got something to hide except
 me and my monkey -- Sexy Sadie -- Helter skelter -- Long, long,
 long -- Revolution 1 -- Honey pie -- Savoy truffle -- Cry baby
 cry -- Revolution 9 -- Good night.
650  0 _a Rock music
       _y 1961-1970.
700 1  _a McCartney, Paul.
700 1  _a Lennon, John,
       _d 1940-1980.
710 2  _a Beatles.
952    _a New
953    _a TA28
991    _b c-RecSound
       _h Capitol SEBX-11841
       _w MUSIC
&lt;/pre&gt;
</Content>
</Section>
</Archive>
